@book{fellbaum1998wordnet,
  title={WordNet},
  author={Fellbaum, Christiane},
  year={1998},
  publisher={Wiley Online Library}
}



@article{hall2009weka,
  title={The WEKA data mining software: an update},
  author={Hall, Mark and Frank, Eibe and Holmes, Geoffrey and Pfahringer, Bernhard and Reutemann, Peter and Witten, Ian H},
  journal={ACM SIGKDD explorations newsletter},
  volume={11},
  number={1},
  pages={10--18},
  year={2009},
  publisher={ACM}
}

@article{Hochreiter:1997:LSM,
 author = {Hochreiter, Sepp and Schmidhuber, J\"{u}rgen},
 title = {Long Short-Term Memory},
 journal = {Neural Comput.},
 issue_date = {November 15, 1997},
 volume = {9},
 number = {8},
 month = nov,
 year = {1997},
 issn = {0899-7667},
 pages = {1735--1780},
 numpages = {46},
 url = {http://dx.doi.org/10.1162/neco.1997.9.8.1735},
 doi = {10.1162/neco.1997.9.8.1735},
 acmid = {1246450},
 publisher = {MIT Press},
 address = {Cambridge, MA, USA},
} 

@inproceedings{hong2015rpi,
  title={Rpi blender tac-kbp2015 system description},
  author={Hong, Yu and Lu, Di and Yu, Dian and Pan, Xiaoman and Wang, Xiaobin and Chen, Yadong and Huang, Lifu and Ji, Heng},
  booktitle={Proc. Text Analysis Conference (TAC2015)},
  year={2015}
}

@inproceedings{ji2008refining,
  title={Refining Event Extraction through Cross-Document Inference.},
  author={Ji, Heng and Grishman, Ralph and others},
  booktitle={ACL},
  pages={254--262},
  year={2008}
}

@inproceedings{joshi2013extracting,
  title={Extracting cybersecurity related linked data from text},
  author={Joshi, Arnav and Lal, Ravendar and Finin, Tim and Joshi, Anupam},
  booktitle={Semantic Computing (ICSC), 2013 IEEE Seventh International Conference on},
  pages={252--259},
  year={2013},
  organization={IEEE}
}

@mastersthesis{joshi2013linked,
  title={Linked Data for Software Security Concepts and Vulnerability Descriptions},
  author={Joshi, Arnav Prabodh},
  year={2013},
  school={University of Maryland Baltimore County}
}

@article{kalchbrenner2014convolutional,
  title={A convolutional neural network for modelling sentences},
  author={Kalchbrenner, Nal and Grefenstette, Edward and Blunsom, Phil},
  journal={arXiv preprint arXiv:1404.2188},
  year={2014}
}

@article{kashyap2016robust,
  title={Robust semantic text similarity using LSA, machine learning, and linguistic resources},
  author={Kashyap, Abhay and Han, Lushan and Yus, Roberto and Sleeman, Jennifer and Satyapanich, Taneeya and Gandhi, Sunil and Finin, Tim},
  journal={Language Resources and Evaluation},
  volume={50},
  number={1},
  pages={125--161},
  year={2016},
  publisher={Springer}
}

@article{kim2014convolutional,
  title={Convolutional neural networks for sentence classification},
  author={Kim, Yoon},
  journal={arXiv preprint arXiv:1408.5882},
  year={2014}
}

@mastersthesis{lal2013,
  title={Information Extraction of Security related entities and concepts from unstructured text.},
  author={Lal, Ravendar},
  year={2013},
  school={University of Maryland Baltimore County}
}

@inproceedings{levy2014dependency,
  title={Dependency-Based Word Embeddings.},
  author={Levy, Omer and Goldberg, Yoav},
  booktitle={ACL (2)},
  pages={302--308},
  year={2014},
  organization={Citeseer}
}

@inproceedings{li2013joint,
  title={Joint Event Extraction via Structured Prediction with Global Features.},
  author={Li, Qi and Ji, Heng and Huang, Liang},
  booktitle={ACL (1)},
  pages={73--82},
  year={2013}
}

@inproceedings{liao2010using,
  title={Using document level cross-event inference to improve event extraction},
  author={Liao, Shasha and Grishman, Ralph},
  booktitle={Proceedings of the 48th Annual Meeting of the Association for Computational Linguistics},
  pages={789--797},
  year={2010},
  organization={Association for Computational Linguistics}
}

@inproceedings{manning2014stanford,
  title={The stanford corenlp natural language processing toolkit.},
  author={Manning, Christopher D and Surdeanu, Mihai and Bauer, John and Finkel, Jenny Rose and Bethard, Steven and McClosky, David},
  booktitle={ACL (System Demonstrations)},
  pages={55--60},
  year={2014}
}

@inproceedings{mihaylov2016event,
  title={AIPHES-HD system at TACKBP2016: Neural Event Trigger Span Detection and Event Type and Realis Disambiguation with Word Embeddings},
  author={Mihaylov, Todor and Frank, Anette},
  booktitle={Ninth Text Analysis Conference},
  year={2016},
  organization={NIST}
}


@article{mikolov2013efficient,
  title={Efficient estimation of word representations in vector space},
  author={Mikolov, Tomas and Chen, Kai and Corrado, Greg and Dean, Jeffrey},
  journal={arXiv preprint arXiv:1301.3781},
  year={2013}
}

@inproceedings{mikolov2013distributed,
  title={Distributed representations of words and phrases and their compositionality},
  author={Mikolov, Tomas and Sutskever, Ilya and Chen, Kai and Corrado, Greg S and Dean, Jeff},
  booktitle={Advances in neural information processing systems},
  pages={3111--3119},
  year={2013}
}

@inproceedings{mitamura2015event,
  title={Event nugget annotation: Processes and issues},
  author={Mitamura, Teruko and Yamakawa, Yukari and Holm, Susan and Song, Zhiyi and Bies, Ann and Kulick, Seth and Strassel, Stephanie},
  booktitle={Proceedings of the 3rd Workshop on EVENTS at the NAACL-HLT},
  pages={66--76},
  year={2015}
}

@inproceedings{mittal2016cybertwitter,
  title={CyberTwitter: Using Twitter to generate alerts for cybersecurity threats and vulnerabilities},
  author={Mittal, Sudip and Das, Prajit Kumar and Mulwad, Varish and Joshi, Anupam and Finin, Tim},
  booktitle={Advances in Social Networks Analysis and Mining (ASONAM), 2016 IEEE/ACM International Conference on},
  pages={860--867},
  year={2016},
  organization={IEEE}
}

@inproceedings{monahan2015populating,
  title={Populating a knowledge base with information about events},
  author={Monahan, Sean and Mohler, Michael and Tomlinson, Marc and Book, Amy and Gorelkin, Maxim and Crosby, Kevin and Brunson, Mary},
  booktitle={Proceedings of the Eighth Text Analysis Conference (TAC 2015)},
  year={2015}
}

@inproceedings{more2012,
  title={A knowledge-based approach to intrusion detection modeling},
  author={More, Sumit and Matthews, Mary and Joshi, Anupam and Finin, Tim},
  booktitle={Security and Privacy Workshops (SPW), 2012 IEEE Symposium on},
  pages={75--81},
  year={2012},
  organization={IEEE}
}

@inproceedings{mulwad2011,
  title={Extracting information about security vulnerabilities from web text},
  author={Mulwad, Varish and Li, Wenjia and Joshi, Anupam and Finin, Tim and Viswanathan, Krishnamurthy},
  booktitle={Web Intelligence and Intelligent Agent Technology (WI-IAT), 2011 IEEE/WIC/ACM International Conference on},
  volume={3},
  pages={257--260},
  year={2011},
  organization={IEEE}
}

@inproceedings{nguyen2015relation,
  title={Relation extraction: Perspective from convolutional neural networks},
  author={Nguyen, Thien Huu and Grishman, Ralph},
  booktitle={Proceedings of NAACL-HLT},
  pages={39--48},
  year={2015}
}

@inproceedings{pennington2014glove,
  title={Glove: Global Vectors for Word Representation.},
  author={Pennington, Jeffrey and Socher, Richard and Manning, Christopher D},
  booktitle={EMNLP},
  volume={14},
  pages={1532--1543},
  year={2014}
}

@article{reimers2015event,
  title={Event Nugget Detection, Classification and Coreference Resolution using Deep Neural Networks and Gradient Boosted Decision Trees},
  author={Reimers, Nils and Gurevych, Iryna},
  journal={Appeal},
  volume={287},
  pages={348},
  year={2015}
}

@article{satyapanich2015ebiquity,
  title={Ebiquity: Paraphrase and Semantic Similarity in Twitter using Skipgram},
  author={Satyapanich, Taneeya and Gao, Hang and Finin, Tim},
  journal={Proceedings of SemEval},
  year={2015}
}

@inproceedings{satyapanich2015event,
  title={Event Nugget Detection using Thresholding and Classification Techniques},
  author={Satyapanich, Taneeya and Finin, Tim},
  booktitle={Eighth Text Analysis Conference},
  year={2015},
  organization={NIST}
}

@inproceedings{satyapanich2016event,
  title={Event Nugget Detection Task: UMBC Systems},
  author={Satyapanich, Taneeya and Finin, Tim},
  booktitle={Ninth Text Analysis Conference},
  year={2016},
  organization={NIST}
}

@inproceedings{syed2016uco,
  title={UCO: A unified cybersecurity ontology},
  author={Syed, Zareen and Padia, Ankur and Mathews, M Lisa and Finin, Tim and Joshi, Anupam},
  booktitle={Proceedings of the AAAI Workshop on Artificial Intelligence for Cyber Security},
  year={2016},
  organization={AAAI Press}
}

@inproceedings{thornton2013auto,
  title={Auto-WEKA: Combined selection and hyperparameter optimization of classification algorithms},
  author={Thornton, Chris and Hutter, Frank and Hoos, Holger H and Leyton-Brown, Kevin},
  booktitle={Proceedings of the 19th ACM SIGKDD international conference on Knowledge discovery and data mining},
  pages={847--855},
  year={2013},
  organization={ACM}
}

@inproceedings{tsetsai2016event,
  title={Illinois CCG Entity Discovery and Linking, Event Nugget Detection and Co-reference, and Slot Filler Validation Systems for TAC 2016},
  author={Tsai, Chen-Tse and Mayhew, Stephen and Peng, Haoruo and Sammons, Mark and Mangipundi,Bhargav and Reddy, Pavankumar and Roth, Dan},
  booktitle={Ninth Text Analysis Conference},
  year={2016},
  organization={NIST}
}

@inproceedings{undercoffer2003,
  title={Modeling computer attacks: An ontology for intrusion detection},
  author={Undercoffer, Jeffrey and Joshi, Anupam and Pinkston, John},
  booktitle={International Workshop on Recent Advances in Intrusion Detection},
  pages={113--135},
  year={2003},
  organization={Springer}
}

@inproceedings{undercoffer2004,
  title={A target-centric ontology for intrusion detection},
  author={Undercoffer, Jeffrey and Pinkston, John and Joshi, Anupam and Finin, Timothy},
  booktitle={18th International Joint Conference on Artificial Intelligence},
  pages={9--15},
  year={2004}
}

@article{van2011design,
  title={Design and use of the Simple Event Model (SEM)},
  author={Van Hage, Willem Robert and Malais{\'e}, V{\'e}ronique and Segers, Roxane and Hollink, Laura and Schreiber, Guus},
  journal={Web Semantics: Science, Services and Agents on the World Wide Web},
  volume={9},
  number={2},
  pages={128--136},
  year={2011},
  publisher={Elsevier}
}

@inproceedings{zeng2016event,
  title={WIP Event Detection System at TAC KBP 2016 Event Nugget Track},
  author={Zeng, Ying and Luo, Bingfeng and Feng, Yansong and Zhao, Dongyan},
  booktitle={Ninth Text Analysis Conference},
  year={2016},
  organization={NIST}
}


@article{zhang2015sensitivity,
  title={A sensitivity analysis of (and practitioners' guide to) convolutional neural networks for sentence classification},
  author={Zhang, Ye and Wallace, Byron},
  journal={arXiv preprint arXiv:1510.03820},
  year={2015}
}

@techreport{raimond2007event,
  title={The event ontology},
  author={Raimond, Yves and Abdallah, Samer},
  year={2007},
  institution={Citeseer}
}

@techreport{richere42,
     title = {{Rich ERE Annotation Guidelines Overview v.4.2.}},
     author = {Linguistic Data Consortium},     
     year = {2016},

}



@misc{tensorflow2015-whitepaper,
title={ {TensorFlow}: Large-Scale Machine Learning on Heterogeneous Systems},
url={http://tensorflow.org/},
note={Software available from tensorflow.org},
author={
    Mart\'{\i}n~Abadi and
    Ashish~Agarwal and
    Paul~Barham and
    Eugene~Brevdo and
    Zhifeng~Chen and
    Craig~Citro and
    Greg~S.~Corrado and
    Andy~Davis and
    Jeffrey~Dean and
    Matthieu~Devin and
    Sanjay~Ghemawat and
    Ian~Goodfellow and
    Andrew~Harp and
    Geoffrey~Irving and
    Michael~Isard and
    Yangqing Jia and
    Rafal~Jozefowicz and
    Lukasz~Kaiser and
    Manjunath~Kudlur and
    Josh~Levenberg and
    Dan~Man\'{e} and
    Rajat~Monga and
    Sherry~Moore and
    Derek~Murray and
    Chris~Olah and
    Mike~Schuster and
    Jonathon~Shlens and
    Benoit~Steiner and
    Ilya~Sutskever and
    Kunal~Talwar and
    Paul~Tucker and
    Vincent~Vanhoucke and
    Vijay~Vasudevan and
    Fernanda~Vi\'{e}gas and
    Oriol~Vinyals and
    Pete~Warden and
    Martin~Wattenberg and
    Martin~Wicke and
    Yuan~Yu and
    Xiaoqiang~Zheng},
  year={2015},
}
Jing Lu and Vincent Ng. 2016.  “UTD’s Event Nugget Detection and Coreference System at KBP 2016”  Ninth Text Analysis Conference.

Zhengzhong Liu, Jun Araki, Teruko Mitamura and Eduard Hovy. 2016. “CMU-LTI at BP 2016 Event Nugget Track”.  Ninth Text Analysis Conference.

Ying Zeng, Bingfeng Luo, Yansong Feng and Dongyan Zhao. 2016. “WIP Event Detection System at TAC KBP 2016 Event Nugget Track”.  Ninth Text Analysis Conference.

@techreport{mitamura2016,
     title = {{TAC KBP Event Detection and Coreference Tasks, v2.1}},
     author = {Mitamura, Teruko and Hovy, Eduard},
     year = {2016},
     institution = {Carnegie Mellon University},
}




